3092 4850
601 368 732 432 734
1369 380 1445 428 Μ.
1495 379 1565 427 τ.
1610 351 2027 427 ctossaoNrs
2090 405 2097 414 .

603 521 809 587 nullae
838 519 1152 588 libidines
1181 521 1486 596 incitant,
1533 519 1733 584 uullae
1778 509 2011 582 futiles
2056 517 2310 584 laetitioe
2364 515 2804 582 exultantes⁸

599 621 934 704 languidis
963 621 1400 706 liquefaciunt
1432 620 1919 710 voluptatibus.
2010 620 2108 684 Ut
2152 619 2354 686 maris
2394 621 2597 702 igitur
2625 627 2806 682 tran·

603 724 904 806 quillitas
947 723 1356 806 intelligitur,
1397 721 1581 786 nulla
1620 739 1704 784 ne
1748 720 2021 786 minima
2048 720 2329 805 quidem
2368 740 2529 785 aura
2556 720 2805 785 fluctus

605 831 1071 888 commovente
1097 845 1116 907 ;
1157 826 1256 889 sic
1286 823 1486 888 animi
1521 822 1787 905 quietus
1813 827 1881 886 et
1912 821 2215 904 placatus
2251 827 2469 885 status
2498 823 2805 898 cernitur,

605 943 762 988 cum
793 926 1208 1008 perturbatio
1239 925 1424 991 nulla
1451 932 1576 1002 est,
1604 944 1741 1008 qua
1766 923 2015 988 moveri
2046 929 2274 1006 queat.
2360 923 2467 987 17.
2511 920 2715 1001 Quod
2742 922 2807 996 si

604 1035 735 1106 est,
765 1029 879 1112 qui
910 1029 1048 1095 vim
1078 1030 1389 1106 fortunae,
1421 1030 1540 1112 qui
1575 1028 1847 1093 omnia⁹
1876 1026 2193 1105 bumana,
2235 1045 2391 1111 quse
2423 1027 2669 1111 cuique
2692 1045 2805 1094 ac—

605 1129 830 1196 cidere
875 1137 1184 1214 possunt,
1218 1131 1598 1196 tolerabilia
1643 1130 1868 1206 ducat,
1916 1149 2002 1194 ex
2041 1148 2179 1213 quo
2220 1131 2579 1216 nectimur
2627 1149 2801 1206 eum,

605 1249 733 1296 nec
785 1251 986 1314 angor
1027 1231 1352 1315 attingam
1401 1230 1715 1314 idemque
1774 1231 1833 1296 si
1892 1231 2050 1295 nibil
2112 1230 2564 1315 concupiscat,
2625 1231 2808 1297 nulla

605 1332 916 1398 efferatur
944 1332 1154 1399 animi
1182 1333 1364 1397 inani
1393 1332 1786 1416 voluptat03
1832 1331 1996 1416 quid
2028 1337 2149 1411 est,
2183 1350 2301 1396 cur
2326 1331 2387 1395 is
2408 1351 2542 1394 non
2564 1333 2805 1399 beatus

609 1435 748 1500 sit‘l
795 1443 866 1500 et
909 1435 972 1500 si
1011 1435 1160 1499 haec
1194 1434 1434 1498 virtute
1463 1432 1861 1512 efficiuntur,
1906 1433 2071 1518 quid
2100 1439 2227 1509 est,
2256 1451 2377 1499 cur
2407 1433 2621 1496 virtus
2651 1433 2807 1516 ipsa

607 1554 730 1618 per
755 1555 831 1600 se
855 1555 990 1600 uon
1019 1533 1268 1600 efficiat
1294 1535 1534 1600 beatos
1551 1535 1582 1598 'l
1675 1551 1813 1598 vu.
1859 1534 1947 1598 A.
1976 1531 2197 1617 Atqui
2218 1534 2492 1599 alterum
2512 1533 2653 1598 dici
2676 1553 2807 1599 nou

609 1643 884 1720 potest,¹
913 1637 1078 1720 quin
1109 1636 1179 1710 ii,
1212 1637 1332 1718 qui
1363 1634 1528 1699 nihil
1554 1640 1879 1712 metuant,
1902 1634 2065 1700 nibil
2096 1639 2443 1716 angantur,
2468 1634 2629 1699 nihil
2651 1653 2807 1700 coa-

607 1739 987 1822 cupiscant,
1047 1737 1234 1802 nulla
1291 1737 1641 1820 impotenti
1692 1736 1938 1802 laetitia
1978 1735 2351 1812 efferantur,
2398 1735 2578 1800 beati
2634 1737 2808 1800 siut:

606 1838 836 1922 itaque
864 1839 933 1905 id
964 1840 1090 1904 tibi
1126 1838 1474 1904 concedo:
1521 1839 1799 1902 alterum
1852 1844 2079 1902 autem
2118 1839 2263 1922 jam
2313 1839 2643 1917 integrum
2675 1854 2813 1901 non

605 1948 732 2008 est.
819 1941 1298 2026 Superioribus
1345 1939 1520 2005 enim
1575 1939 2145 2023 disputationibus
2184 1936 2495 2002 effectum
2532 1943 2662 2014 est,
2691 1956 2811 2002 va-

608 2061 764 2107 care
794 2045 972 2108 omui
1001 2041 1206 2107 animi
1229 2040 1721 2125 perturbatione
1752 2039 2143 2122 sapientem.
2205 2037 2313 2102 18.
2344 2035 2447 2101 Μ.
2473 2035 2813 2102 Nimirum

607 2144 806 2224 igitur
862 2143 1174 2208 confecta
1217 2160 1322 2206 res
1376 2146 1522 2206 est:
1579 2140 1839 2206 videtur
1880 2139 2053 2204 enim
2096 2137 2183 2202 ad
2236 2137 2489 2202 exitum
2538 2137 2813 2203 venisse

607 2243 918 2326 quoestio.
1003 2240 1094 2307 A.
1142 2241 1647 2325 Propemodum
1677 2242 1746 2307 id
1791 2240 2084 2325 quidem.
2173 2238 2276 2302 M.
2327 2238 2813 2305 Verumtamen

605 2341 1230 2408 matbematicorum
1285 2344 1416 2407 iste
1463 2361 1615 2408 mos
1660 2349 1788 2421 est,
1847 2361 1981 2406 nou
2026 2347 2178 2405 est*
2233 2338 2815 2423 philosophorum.

609 2441 794 2506 Nam
825 2451 1206 2524 geometrae,
1231 2462 1383 2507 cum
1407 2443 1667 2527 aliquid
1698 2443 1942 2507 docere
1974 2441 2228 2515 volunt,
2249 2440 2307 2504 si
2340 2439 2507 2524 quid
2540 2440 2629 2503 ad
2656 2460 2815 2505 eam

606 2559 745 2607 rem
769 2551 792 2591 ³
823 2543 1114 2627 pertinet
1151 2561 1382 2608 eorum
1429 2562 1587 2626 quae
1638 2551 1795 2607 ante
1836 2542 2227 2616 docuerunt,
2258 2540 2327 2606 id
2372 2548 2643 2606 sumunt
2688 2560 2815 2625 pro

605 2660 935 2708 concesso
979 2650 1048 2708 et
1092 2644 1423 2726 probato:
1468 2648 1567 2727 [p.
1604 2642 1792 2723 232]
1836 2642 2003 2708 illud
2050 2641 2253 2707 modo
2302 2641 2675 2725 explicant,
2724 2642 2813 2707 de

607 2760 744 2825 quo
771 2748 924 2808 ante
941 2742 1108 2807 nihil
1125 2744 1454 2827 scriptum
1479 2748 1605 2808 est.
1694 2740 2123 2826 Philosophi,
2148 2759 2644 2825 quamcumque
2670 2760 2813 2805 rem

605 2841 850 2908 babent
901 2844 973 2907 in
1024 2844 1358 2922 manibus,
1403 2844 1470 2906 in
1519 2860 1693 2921 eam,
1748 2862 1903 2927 quae
1946 2841 2397 2917 conveniunt,⁴
2447 2848 2812 2922 congerunt

607 2942 855 3020 omnia,
885 2942 1014 3007 etsi
1043 2942 1178 3007 alio
1203 2941 1357 3007 loco
1388 2942 1732 3027 disputata
1760 2948 1930 3007 suut.
2000 2940 2205 3021 Quod
2232 2943 2299 3007 ni
2327 2942 2426 3009 ita
2454 2948 2658 3020 esset,
2684 2962 2811 3006 cur

1511 3128 1880 3150 Onmum

607 3238 639 3283 7
671 3232 860 3285 venet.
889 3234 1037 3282 1481.
1055 3230 1300 3282 Beroald.
1322 3231 1530 3282 Manut-
1562 3230 1743 3283 Lamb.
1775 3238 1823 3283 et
1844 3234 2185 3283 exaltatum—8
2226 3232 2435 3283 Scliutz.
2456 3234 2817 3297 occultantes,

607 3298 673 3346 de
699 3295 899 3346 Davisii
925 3295 1247 3359 conjectura,
1281 3297 1609 3360 improbante
1633 3297 1903 3347 Orell.—9
1940 3298 2131 3347 Venct.
2151 3300 2297 3347 1481.
2323 3296 2567 3346 Beroald.
2595 3296 2817 3359 Argent-

607 3363 754 3409 1⁶11.
790 3361 992 3409 Erum.
1028 3360 1172 3410 Crat.
1212 3362 1464 3410 omittunt
1499 3363 1675 3411 omnia.
1744 3361 1891 3415 Mox.
1926 3374 2225 3423 quacumque
2255 3362 2468 3410 accidere
2492 3362 2538 3409 E
2564 3378 2579 3407 ι
2612 3364 2656 3423 ξ,
2682 3362 2813 3424 Reg-

604 3424 748 3473 Pitb.
775 3423 922 3473 Leid.
943 3423 1137 3473 Venet-
1161 3427 1306 3473 1481.
1331 3423 1577 3474 Beroald.
1598 3422 1821 3487 Argent.
1844 3426 1991 3474 1611.
2011 3425 2212 3474 Erum.
2230 3425 2375 3474 Crat.
2398 3424 2605 3473 Manui.
2629 3426 2816 3475 Lamb-

607 3490 740 3538 Dav.
774 3486 932 3538 Wolf.
965 3487 1135 3538 Orcil.
1191 3502 1298 3550 qua
1329 3488 1549 3551 cuiquam
1582 3490 1793 3538 accidere
1827 3487 1945 3537 cod.
1982 3488 2206 3542 Stheni,
2231 3488 2347 3550 ipso
2388 3488 2662 3551 probante,
2686 3490 2813 3539 item

607 3551 784 3600 Bentl.
806 3561 864 3603 et
892 3552 1033 3602 Dav.
1055 3552 1106 3601 in
1129 3550 1212 3599 ed.
1237 3566 1313 3613 pr.
1370 3552 1639 3612 Ceterum,
1660 3566 1765 3617 quoe
1784 3550 1951 3613 cuique
1972 3553 2183 3601 accidere
2206 3557 2404 3613 pomae
2424 3560 2671 3615 suspecta
2690 3560 2817 3603 suut

603 3614 870 3667 Ernestio.
937 3615 1122 3665 Nicen.
1147 3616 1289 3678 couj-
1309 3615 1392 3677 qui
1413 3618 1591 3677 omnia,
1614 3616 1794 3664 homini
1814 3630 1918 3678 quae
1938 3616 2150 3665 accidere
2166 3619 2378 3678 possun-

672 3678 814 3729 Ου’.
842 3692 970 3743 νη..
1011 3683 1038 3727 1
1075 3678 1255 3729 Lamb.
1277 3680 1414 3741 conj.
1437 3680 1594 3741 Atqui
1614 3681 1817 3728 alterum
1844 3679 2013 3739 negari
2038 3694 2133 3727 non
2162 3684 2353 3742 potenb-
2392 3678 2526 3727 idem
2554 3678 2733 3729 Lamb.
2753 3680 2815 3729 in

585 3740 688 3805 cd.
712 3745 858 3804 1566.
881 3742 1074 3804 suspic.
1094 3757 1188 3790 non
1211 3742 1308 3790 dici
1331 3756 1424 3790 non
1442 3748 1614 3805 potest.
1678 3740 1957 3803 Actutum,
1977 3744 2099 3804 quod
2128 3742 2165 3789 ii
2192 3742 2461 3805 Petreius,
2482 3744 2815 3805 improbante

604 3804 857 3881 pruenti,
889 3804 1004 3867 qnia
1021 3806 1073 3854 ht
1097 3805 1227 3868 Reg.
1251 3806 1441 3879 Venet.
1464 3804 1875 3861 ushBeroald.
1906 3808 2049 3877 Crat.
2077 3806 2280 3857 Victor.
2305 3806 2435 3881 ¹³9⁹·
2503 3806 2656 3863 Turn,
2680 3810 2819 3856 nulla

579 3868 1542 4005 'ffli‘ffiiffiffiiiss‘ssssffff'ssm'z
1560 3869 2819 3997 {3⁰1303?;2.¹⁸¹15:.2·b132“.‡:,:tzxsstliffitssffssz

585 4007 728 4057 ‚sisne
751 3996 804 4043 iu
828 3996 929 4059 isto
949 3997 1082 4057 quin,
1108 3996 1415 4045 insolentius
1436 4012 1559 4046 naue
1585 3998 1753 4057 posito
1782 4009 1893 4059 pro.
1916 3999 1932 4024 ⁶
1954 3996 2058 4046 dici
2084 4010 2182 4047 non
2210 4004 2404 4061 potest.
2426 4011 2537 4060 eos,
2561 4000 2647 4063 qni
2672 4032 2687 4047 .
2712 4028 2728 4045 .
2748 4031 2763 4046 .
2794 4032 2815 4048 .

601 4054 905 4118 efferantur,
926 4059 1107 4108 beatos
1132 4074 1232 4108 non
1257 4060 1409 4109 esse.'
1474 4062 1575 4111 Sed
1601 4062 1891 4109 rectissime
1914 4076 1972 4110 se
1996 4062 2157 4111 habet
2178 4061 2334 4111 codd.
2357 4060 2556 4111 lectio-⁵
2592 4062 2821 4111 orell.—

603 4124 636 4168 2
669 4120 757 4170 Ita
791 4136 820 4171 e
858 4120 1008 4171 codd.
1032 4122 1203 4172 Gebb.
1225 4130 1280 4172 et
1315 4136 1460 4188 seqq.
1483 4130 1557 4173 est
1582 4125 1833 4177 omittunt
1866 4130 2087 4188 quatuor
2121 4124 2277 4175 codd.
2315 4125 2488 4175 Oxou.
2521 4124 2643 4173 cdd.
2675 4126 2818 4174 anti-

603 4184 764 4248 quin.
788 4184 993 4237 Victor.
1015 4184 1220 4237 Manut-
1243 4188 1517 4238 Lamia—³
1555 4189 1600 4239 E
1620 4192 1645 4251 ξ
1665 4190 1729 4239 ad
1748 4203 1851 4239 eum
1868 4194 2073 4253 partem.
2138 4190 2289 4246 Mox,
2312 4188 2465 4242 iidem
2492 4191 2643 4240 codd.
2658 4191 2819 4240 omit·
