3092 4850
602 413 734 477 730
1377 426 1456 474 ιι.
1503 425 1572 472 τ.
1620 413 2032 474 crcsuoms

603 585 757 633 nem
807 568 878 633 in
928 567 1198 634 Italiam
1247 567 1581 646 venisset,⁸
1630 564 1984 631 exornavit
2035 586 2185 633 eam
2218 565 2610 645 Graeciam:
2650 591 2807 656 quae

605 668 860 751 Magna
887 668 1070 733 dicta
1097 675 1225 742 est,
1258 676 1330 730 et
1359 667 1673 750 privatim
1706 672 1773 731 et
1802 667 2095 748 publice,
2139 669 2709 751 praestantissimis
2737 679 2811 737 et

601 770 931 836 institutis
981 775 1050 834 et
1107 769 1386 833 artibus.
1493 766 1705 850 Cujus
1752 766 1838 832 de
1895 766 2249 854 disciplina
2298 769 2487 835 aliud
2536 776 2806 856 tempus

601 870 802 937 fuerit
831 871 1120 935 fortasse
1149 866 1439 933 dicendi.
1526 867 1659 932 Sed
1692 868 1783 932 ab
1812 869 2087 951 antiqua
2118 868 2571 954 philosophia,
2588 891 2807 956 usque

602 972 691 1038 ad
715 968 1108 1046 Socratem?
1131 969 1248 1052 qui
1279 966 1731 1046 Archelaum:
1760 965 2191 1052 Anaxagorae
2232 968 2659 1054 discipulum,
2688 990 2807 1036 au·

601 1073 833 1150 dierat,
867 1070 1125 1136 numeri
1151 1075 1504 1152 motusque
1537 1071 2018 1149 tractabantur,
2052 1075 2121 1136 et
2174 1070 2347 1137 unde
2400 1071 2629 1135 omnia
2677 1073 2805 1158 ori-

601 1180 846 1251 rentur,
899 1190 1116 1263 quove
1173 1170 1564 1235 recederent
1589 1193 1606 1233 :
1630 1178 1655 1207 ²
1714 1171 2151 1257 studioseque
2208 1174 2295 1238 ab
2351 1170 2457 1237 his
2514 1171 2804 1238 siderum

602 1273 1116 1358 magnitudines,
1165 1269 1535 1349 intervalla,
1583 1289 1823 1336 cursus
1866 1273 2403 1355 anquirebantur,
2446 1277 2515 1341 et
2557 1281 2807 1338 cuncta

603 1376 936 1442 coelestia.
1025 1373 1344 1439 Socrates
1392 1379 1619 1438 autern
1670 1372 1925 1456 primus
1965 1371 2461 1456 philosophiam
2514 1372 2804 1439 devoca-

602 1476 702 1541 vit
745 1495 782 1540 e
828 1474 1051 1550 coelo,³
1081 1473 1247 1539 etin
1278 1473 1553 1539 urbibus
1582 1471 1965 1550 collocavit,
1992 1479 2063 1536 et
2090 1471 2163 1536 in
2192 1471 2433 1538 domos
2462 1473 2666 1538 etiam
2702 1473 2803 1540 in-

603 1577 924 1652 troduxit,
969 1586 1040 1642 et
1082 1575 1312 1658 coegit
1355 1574 1440 1639 de
1489 1573 1629 1638 vita
1658 1580 1729 1637 et
1770 1575 2087 1651 moribus,
2117 1575 2450 1658 rebusque
2488 1573 2689 1638 bonis
2732 1581 2805 1639 et

601 1679 798 1743 malis
846 1695 1174 1763 quaerere.
1263 1675 1368 1740 11.
1413 1673 1629 1758 Cujus
1670 1674 2019 1758 multiplex
2052 1677 2226 1740 ratio
2257 1675 2670 1760 disputandi,
2702 1695 2805 1741 re-

601 1797 880 1862 rumque
920 1780 1238 1855 varietas,
1267 1783 1339 1842 et
1378 1776 1631 1859 ingenii
1674 1776 2087 1859 magnitudo,
2127 1777 2435 1842 Platonis
2478 1778 2809 1842 memoria

601 1885 672 1943 et
721 1879 932 1944 literis
977 1884 1428 1953 consecrata,⁴
1465 1877 1666 1961 plura
1714 1897 1953 1960 genera
1998 1877 2221 1944 effecit
2264 1877 2805 1972 dissentientium

601 1977 1204 2066 philosophorum-‘¹
1311 1979 1372 2044 E
1413 1980 1665 2062 quibus
1708 1999 1833 2046 nos
1872 1980 1943 2045 id
1992 1978 2411 2064 potissimum
2459 1981 2807 2045 consecuti

603 2089 888 2160 sumus,⁵
917 2101 1054 2164 quo
1087 2081 1438 2146 Socratem
1470 2100 1661 2146 usum
1692 2081 2201 2155 arbitrabamur,
2235 2086 2305 2147 ut
2340 2087 2637 2158 nostram
2668 2080 2805 2165 ipsi

603 2183 1005 2248 sententiam
1053 2187 1442 2266 tegeremus,
1487 2201 1705 2248 errore
1748 2182 1919 2248 alios
1963 2182 2364 2263 levaremus,
2400 2187 2469 2248 et
2510 2181 2581 2246 iu
2624 2181 2807 2247 omui

1541 2350 1653 2372 ἸΝ
1664 2350 1899 2375 09000000

601 2474 610 2483 ‘
671 2466 812 2518 CAP.
845 2482 926 2518 xv.
991 2473 1018 2519 1
1055 2469 1348 2519 Philiasians
1371 2470 1422 2519 D
1447 2470 1491 2521 E
1512 2489 1528 2519 ι
1547 2475 1576 2534 ε
1594 2486 1629 2522 σ
1649 2476 1805 2534 χ.-2
1836 2470 1923 2520 lta
1962 2470 2088 2532 neg.
2122 2470 2278 2520 Bern.
2303 2473 2349 2520 1.
2381 2468 2505 2519 edd.
2532 2468 2804 2534 antiquiss.

604 2532 752 2582 Crat.
772 2534 972 2583 Victor.
1007 2534 1215 2583 Manat.
1251 2534 1432 2583 Lamb.
1473 2536 1735 2585 reciderent
1758 2554 1775 2583 ι
1793 2539 1819 2597 ξ
1839 2549 1874 2582 c
1894 2549 1934 2596 χ
1954 2537 1991 2595 ψ
2007 2538 2058 2583 2.
2080 2532 2244 2583 codex
2268 2534 2490 2593 schotti,
2513 2535 2645 2584 Dav.
2670 2535 2807 2585 Lali.

603 2594 764 2647 Wolf.
789 2598 1000 2647 Schutz.
1021 2598 1188 2647 Oreli.
1241 2600 1478 2649 studiosos
1497 2614 1638 2663 seque
1658 2616 1713 2663 χ.
1764 2598 1824 2647 ab
1846 2598 1909 2647 iis
1930 2598 2089 2649 Bern.
2113 2603 2159 2648 1.
2182 2598 2405 2662 Argent.
2428 2602 2576 2648 1511.
2600 2598 2806 2648 Erum.

601 2658 761 2709 Wolf.
783 2662 989 2711 Schuts.
1039 2664 1242 2711 siderum
1265 2664 1499 2725 imagines
1521 2664 1596 2712 D.
1664 2665 1766 2713 Pro
1799 2663 2189 2725 anquirebantur,
2226 2663 2365 2727 quod
2402 2668 2613 2712 servant
2648 2662 2808 2712 codd.

599 2723 823 2780 Schotti,
847 2725 982 2787 Reg.
1005 2725 1094 2774 alii
1130 2725 1282 2775 codd.
1315 2728 1515 2777 Victor.
1552 2726 1735 2777 Lamb.
1767 2737 1913 2789 seqq.
1964 2727 2325 2791 inquirebantur
2346 2726 2538 2777 habent
2562 2727 2613 2776 D
2641 2726 2687 2776 E
2710 2726 2757 2775 U
2779 2731 2807 2790 ε

599 2803 640 2847 χ
659 2789 698 2849 ψ
719 2792 770 2837 2.
791 2786 915 2837 edd.
949 2789 1221 2853 antiquiss.
1259 2792 1404 2839 Crat.
1443 2790 1649 2841 Maunt.
1701 2790 2067 2853 acquirebantur
2100 2810 2116 2840 ι
2146 2796 2297 2841 cre-⁸
2332 2791 2465 2854 Ress.
2486 2810 2504 2839 ι
2524 2794 2561 2852 ψ
2586 2796 2630 2839 1.
2654 2790 2805 2841 Leid.

603 2850 763 2900 Wolf.
787 2852 992 2902 Schuta.
1011 2856 1223 2902 conenit
1245 2867 1272 2902 e
1293 2854 1433 2911 ectu
1471 2856 1513 2903 E
1533 2858 1560 2916 ε
1578 2871 1619 2915 χ
1637 2855 1880 2905 devocavit
1898 2856 2032 2904 σοῖο.
2094 2854 2241 2912 Mox,
2256 2856 2306 2905 ia
2328 2856 2493 2905 domas
2513 2855 2645 2917 Reg.
2666 2856 2807 2905 Dav·

601 2915 656 2963 in
691 2916 906 2965 dmum
941 2916 1004 2977 Β,
1040 2916 1240 2981 Gryph.
1295 2922 1342 2966 et
1380 2918 1651 2967 introduxit
1686 2918 1752 2967 U.
1804 2924 1965 2969 eatena
1992 2920 2266 2969 introduxit
2294 2921 2334 2981 ψ
2368 2924 2415 2970 1.
2464 2924 2606 2983 etque
2642 2919 2805 2981 eo‘e'gs‘t

600 2978 900 3041 θηρῶ-4
943 2980 1122 3028 Codex
1165 2993 1296 3029 uuus
1337 2981 1514 3030 Onon.
1557 2987 1851 3043 conseruate,
1894 2983 1971 3031 uti
2018 2983 2154 3046 conj.
2201 2984 2426 3039 Ernesti.
2472 2983 2807 3045 improbante

601 3040 771 3091 Orell.
839 3044 1046 3099 Statim,
1069 3045 1210 3109 φάε
1233 3044 1475 3094 Beroald.
1500 3044 1643 3094 Crat.
1664 3046 1867 3096 Victor.
1894 3044 2022 3105 feeit
2045 3048 2109 3097 D.
2157 3046 2490 3097 dissidentiam
2508 3046 2806 3110 philosophe-

601 3120 707 3154 nnn
731 3106 776 3155 Ε
798 3123 814 3153 ι
833 3110 876 3167 ε.
931 3108 1266 3156 disserentium
1296 3109 1414 3171 phil.
1447 3111 1486 3171 ψ
1517 3114 1566 3159 1.
1592 3114 1740 3159 2.-15
1778 3110 1973 3160 venet.
1996 3113 2142 3161 1481.
2163 3110 2411 3162 Beroald.
2434 3112 2635 3161 Erasin.
2656 3112 2809 3161 Crat.

600 3169 810 3219 Manat.
832 3169 1014 3219 Lamb.
1035 3170 1207 3221 Gebh.
1225 3175 1484 3223 consectati
1501 3187 1678 3223 sanas.
1742 3175 1893 3234 Mox,
1926 3188 2019 3238 qao
2053 3175 2112 3224 8.
2150 3174 2305 3235 ipsam
2336 3190 2471 3225 assas
2504 3174 2653 3225 Leid-
2684 3179 2723 3239 ψ
2754 3178 2807 3223 1.

602 3234 859 3297 probante
880 3234 1048 3285 Βοιὼ.
1097 3234 1392 3287 arbitremur
1413 3234 1535 3287 edd.
1556 3238 1825 3302 antiquiss.
1846 3238 1993 3289 Crat.
2017 3238 2222 3289 Victor.
2242 3241 2449 3291 Manut.
2469 3238 2653 3291 Lamb.
2674 3239 2809 3291 Lau.

1591 3386 1813 3438 NOTAE

605 3498 614 3505 ·
665 3498 685 3523 ¹
716 3490 780 3539 Ia
811 3490 1010 3541 Italicas
1042 3488 1273 3554 unisset]
1305 3490 1529 3555 Fugiens
1554 3490 1660 3543 Po·
1742 3506 1903 3557 supra
1924 3506 2035 3551 uos,
2060 3494 2187 3544 nihii
2210 3494 2275 3545 ad
2302 3496 2427 3545 nos-⁸

599 3560 869 3631 lyeratem,
891 3567 1033 3617 Sarni
1058 3575 1357 3630 tyrannum.
1803 3575 1827 3602 ⁶
1856 3570 2168 3634 Archelaum]
2202 3572 2598 3636 Atheniensem,
2644 3574 2811 3639 Apol.

663 3649 688 3675 ⁸
718 3642 992 3691 Exomeit
1031 3656 1135 3691 eum
1173 3642 1452 3706 Graeciam]
1501 3641 1657 3706 Apud
1738 3643 1907 3695 lodori
1929 3644 2111 3696 fliium.
2176 3647 2383 3698 Primus
2405 3664 2471 3698 ex
2495 3649 2649 3700 Ionia
2676 3652 2811 3717 phy·-

598 3717 933 3767 Crotoniatas
973 3718 1264 3781 presertim
1296 3730 1392 3781 pro
1417 3718 1537 3768 Deo
1568 3720 1658 3770 ha·
1736 3721 1899 3771 sicam
1926 3720 2158 3772 Athenas
2181 3723 2399 3783 invexit,
2425 3724 2562 3776 unde
2584 3726 2659 3778 illi
2680 3741 2811 3793 cog-

593 3794 732 3845 bitns
765 3801 880 3856 estg
906 3793 1264 3857 Metapontini
1303 3792 1510 3844 domum
1545 3795 1659 3859 ejus
1736 3810 1923 3847 nomen
1948 3798 2180 3863 Physici-

595 3870 868 3919 delnbrnm
907 3869 1117 3919 Cereris
1150 3869 1470 3919 vocitabant.
1534 3870 1655 3919 Dis·
1798 3871 1825 3908 ⁴¹
1858 3874 2259 3924 Dissentientiasn
2297 3874 2715 3944 philosopherum]
2752 3878 2807 3929 A

594 3944 752 4006 cipuli
789 3941 855 3993 ad
896 3950 1167 3995 sexcentos
1213 3941 1544 3997 confluebant
1588 3944 1655 3995 ad
1736 3949 1955 4000 Socrate
1978 3948 2137 4000 Pisto
2155 3958 2209 4000 et
2230 3951 2511 4015 Platonici,
2532 3954 2811 4005 Antisthe-

595 4020 738 4069 illnrn
767 4025 942 4069 noctu.
1734 4038 1829 4075 nes
1865 4032 1923 4075 et
1956 4026 2161 4091 Cynici,
2200 4025 2504 4093 Aristippus
2543 4038 2600 4080 et
2638 4032 2806 4093 cyre·

659 4092 684 4127 ⁵
716 4094 796 4143 Aa
833 4094 1101 4159 Socratem]
1135 4096 1238 4147 Qui
1279 4094 1654 4161 philosophiam
1732 4098 1889 4158 naici,
1933 4100 2211 4163 Eretriaci,
2258 4104 2537 4171 Megarici,
2572 4107 2809 4173 Pyrrho·

593 4168 660 4220 ad
685 4183 852 4219 mores
875 4171 1126 4234 traduxit,
1146 4172 1442 4235 astrologi·
1459 4173 1654 4224 studio·
1734 4174 1855 4227 uici.

593 4258 676 4296 sos
709 4244 925 4298 irridere
949 4246 1132 4299 solitus
1153 4246 1249 4299 hoc
1269 4246 1444 4301 dictet
1479 4254 1495 4281 ⁶
1521 4248 1655 4303 Qun
